\bibliography{rapport}
@Misc{regefmtool1:url,
howpublished = {\url{http://www.biotec.boku.ac.at/regulatoryelementaryfluxmode.html}}
}

@Misc{mcs:url,
howpublished = {\url{http://bioinformatics.oxfordjournals.org/content/20/2/226}}
}

@Misc{efmtool:url,
howpublished = {\url{http://www.csb.ethz.ch/tools/efmtool}},
}

@Article{regefmtool2,
title = {Utilizing gene regulatory information to speed up the calculation of elementary flux modes},
author = {Christian Jungreuthmayer and David E. Ruckerbauer and Jürgen Zanghellini},
year = {2012}
}

@Article{metatool,
title = {Metatool 5.0: fast and flexible elementary modes analysis},
author = {Axel von Kamp and Stefan Schuster},
journal = {Bioinformatics},
year = {2006},
month = {August}
}

@Misc{cna:url,
howpublished = {\url{http://www.mpi-magdeburg.mpg.de/projects/cna/cna.html}}
}

@Article{yana,
title = {YANA – a software tool for analyzing flux modes, gene-expression and enzyme activities},
author = {Roland Schwarz and Patrick Musch and Axel von Kamp and Bernd Engels and Heiner Schirmer and Stefan Schuster and Thomas Dandekar},
journal = {BMC Bioinformatics},
year = {2006},
month = {June}
}

@Misc{yanasq:url,
howpublished =  {\url{http://yana.bioapps.biozentrum.uni-wuerzburg.de/}}
}

@Article{acom,
title = {ACoM: A classification method for elementaryfluxmodes based on motif finding},
author = {S. Pérès and F. Vallée and M. Beurton-Aimar and J.P. Mazat},
journal = {Biosystems},
year = {2011},
month = {March}
}


