\bibliography{CdC}
@Misc{regefmtool1:url,
howpublished = {\url{http://www.biotec.boku.ac.at/regulatoryelementaryfluxmode.html}}
}

@Misc{mcs:url,
howpublished = {\url{http://bioinformatics.oxfordjournals.org/content/20/2/226}}
}

@Misc{efmtool:url,
howpublished = {\url{http://www.csb.ethz.ch/tools/efmtool}},
}

@Misc{regefmtool2:url,
title = {Utilizing gene regulatory information to speed up the calculation of elementary flux modes},
author = {Christian Jungreuthmayer, David E. Ruckerbauer and Jürgen Zanghellini}
}

@Misc{metatool:url,
title = {Metatool 5.0: fast and flexible elementary modes analysis},
author = {Axel von Kamp and Stefan Schuster}
}

@Misc{cna:url,
howpublished = {\url{http://www.mpi-magdeburg.mpg.de/projects/cna/cna.html}}
}

@Misc{yana:url,
title = {YANA – a software tool for analyzing flux modes, gene-expression and enzyme activities},
author = {Roland Schwarz, Patrick Musch, Axel von Kamp, Bernd Engels, Heiner Schirmer, Stefan Schuster and Thomas Dandekar}
}

@Misc{yanasq:url,
howpublished =  {\url{http://yana.bioapps.biozentrum.uni-wuerzburg.de/}}
}

@Misc{acom:url,
title = {ACoM: A classification method for elementaryfluxmodes based on motif finding},
author = {S. Pérès, F. Vallée, M. Beurton-Aimar and J.P. Mazat}
}

@Misc{pencil:url,
howpublished = {\url{http://pencil.evolus.vn}}
}

